<collection xmlns="http://www.loc.gov/MARC21/slim"><record><leader>00666nam  2200205   450</leader><controlfield tag="001">614</controlfield><controlfield tag="003">http://montalegre.opacnet.com/OPAC/default.aspx?ContentAreaControl=ShowRegHoldings.ascx&amp;RegNo=16662</controlfield><datafield tag="100" ind1=" " ind2=" "><subfield code="a">19960918d1992 a y0pory0103 ba</subfield></datafield><datafield tag="101" ind1="0" ind2=" "><subfield code="a">por</subfield></datafield><datafield tag="102" ind1=" " ind2=" "><subfield code="a">PT</subfield></datafield><datafield tag="105" ind1=" " ind2=" "><subfield code="a">a z 000yy</subfield></datafield><datafield tag="200" ind1="1" ind2=" "><subfield code="a">&lt;O &gt;Mosquito e o Senhor Pechincha</subfield><subfield code="f">Ilse Losa</subfield><subfield code="g">ilustração de Manuela Bacelar</subfield></datafield><datafield tag="210" ind1=" " ind2=" "><subfield code="a">Mafra</subfield><subfield code="c">Horizonte</subfield><subfield code="_">d1979]1979</subfield></datafield><datafield tag="215" ind1=" " ind2=" "><subfield code="a">37p.</subfield><subfield code="c">il.</subfield><subfield code="d">23 cm</subfield></datafield><datafield tag="225" ind1="2" ind2=" "><subfield code="a">Pássaro livre</subfield><subfield code="v">19</subfield></datafield><datafield tag="675" ind1=" " ind2=" "><subfield code="a">82-34</subfield></datafield><datafield tag="700" ind1=" " ind2="1"><subfield code="a">Losa</subfield><subfield code="b">Ilse</subfield><subfield code="f">1913-2006</subfield></datafield><datafield tag="702" ind1=" " ind2="1"><subfield code="a">Bacelar</subfield><subfield code="b">Manuela</subfield><subfield code="f">1943-</subfield><subfield code="4">440</subfield></datafield><datafield tag="801" ind1=" " ind2="0"><subfield code="a">PT</subfield><subfield code="b">Biblioteca Municipal de Montalegre</subfield><subfield code="g">RPC</subfield></datafield><datafield tag="856" ind1=" " ind2=" "><subfield code="u">locateMedia.asp?cod=20060522161125&amp;ext=jpg</subfield><subfield code="z">CAPA</subfield></datafield><datafield tag="909" ind1="&#9;" ind2=" "><subfield code="a">1</subfield></datafield><datafield tag="966" ind1=" " ind2=" "><subfield code="a">0001059</subfield><subfield code="l">BMM</subfield><subfield code="s">SI 82-93 LOS mos 19</subfield></datafield></record></collection>